<record><leader>00000cas a2200000 a 4500</leader><controlfield tag="001">12737175</controlfield><controlfield tag="008">851030d18251830pauwr ne      0    0eng c</controlfield><datafield ind1=" " ind2=" " tag="010"><subfield code="a">sn 86071300 </subfield></datafield><datafield ind1=" " ind2=" " tag="040"><subfield code="a">NPH</subfield><subfield code="b">eng</subfield><subfield code="c">NPH</subfield><subfield code="d">DLC</subfield><subfield code="d">NPX</subfield><subfield code="d">NVF</subfield><subfield code="d">OCLCQ</subfield><subfield code="d">OCLCF</subfield><subfield code="d">OCLCO</subfield></datafield><datafield ind1="1" ind2=" " tag="029"><subfield code="a">AU@</subfield><subfield code="b">000024887082</subfield></datafield><datafield ind1=" " ind2=" " tag="042"><subfield code="a">pcc</subfield></datafield><datafield ind1=" " ind2=" " tag="043"><subfield code="a">n-us-pa</subfield></datafield><datafield ind1="0" ind2="0" tag="050"><subfield code="a">Newspaper 9389</subfield></datafield><datafield ind1="0" ind2="0" tag="245"><subfield code="a">Democratic Republican, and agricultural register.</subfield></datafield><datafield ind1=" " ind2=" " tag="260"><subfield code="a">Carlisle [Pa.] :</subfield><subfield code="b">J. Tizzard &amp; J. Crever,</subfield><subfield code="c">1825-1830.</subfield></datafield><datafield ind1=" " ind2=" " tag="300"><subfield code="a">v.</subfield></datafield><datafield ind1=" " ind2=" " tag="310"><subfield code="a">Weekly</subfield></datafield><datafield ind1="0" ind2=" " tag="362"><subfield code="a">Vol. 2, no. 1 (Jan. 27, 1825)-v. 6, no. 52 (Jan. 14, 1830).</subfield></datafield><datafield ind1=" " ind2=" " tag="500"><subfield code="a">Imprint varies: Printed by James Crever, &lt;1829&gt;.</subfield></datafield><datafield ind1=" " ind2="0" tag="651"><subfield code="a">Carlisle (Pa.)</subfield><subfield code="v">Newspapers.</subfield></datafield><datafield ind1=" " ind2="7" tag="655"><subfield code="a">Newspapers.</subfield><subfield code="2">fast</subfield><subfield code="0">(OCoLC)fst01423814</subfield></datafield><datafield ind1=" " ind2="7" tag="651"><subfield code="a">Pennsylvania</subfield><subfield code="z">Carlisle.</subfield><subfield code="2">fast</subfield><subfield code="0">(OCoLC)fst01202873</subfield></datafield><datafield ind1=" " ind2=" " tag="752"><subfield code="a">United States</subfield><subfield code="b">Pennsylvania</subfield><subfield code="c">Cumberland</subfield><subfield code="d">Carlisle.</subfield></datafield><datafield ind1="0" ind2="0" tag="780"><subfield code="t">Democratic Republican and farmer's museum</subfield><subfield code="w">(DLC)sn 86071299</subfield></datafield><datafield ind1="0" ind2="7" tag="785"><subfield code="t">Carlisle gazette (Carlisle, Pa. : 1823)</subfield><subfield code="w">(DLC)sn 84025767</subfield></datafield><datafield ind1="0" ind2="7" tag="785"><subfield code="t">Carlisle Republican, and farmers' and mechanics' gazette</subfield><subfield code="w">(DLC)sn 86071301</subfield></datafield></record>